@MISC{python,
	title = "About Python [Электронный ресурс]",
	howpublished = "Режим доступа: \url{https://www.python.org/about/}",
	note = "Дата обращения: 03.10.2021"
}

@MISC{processor,
	title = "Мобильный процессор AMD Ryzen™ 5 3500U с графикой Radeon™ Vega 8 [Электронный ресурс]",
	howpublished = "Режим доступа: \url{https://www.amd.com/ru/products/apu/amd-ryzen-5-3500u}",
	note = "Дата обращения: 03.10.2021"
}

@MICS{ubuntu,
	title = "Ubuntu по-русски [Электронный ресурс]",
	howpublished = "Режим доступа: \url{https://ubuntu.ru/}",
	note = "Дата обращения: 03.10.2021"
}

@MISC{resource,
	title = "resource — Resource usage information - Python 3.11.0a0 documentation",
	howpublished = "Режим доступа: \url{https://docs.python.org/dev/library/resource.html?highlight=resources}",
	note = "Дата обращения: 03.10.2021"
} 

@article{
	CoppersmithAndWinograd,
	author="Don Coppersmith and Shmuel Winograd",
	title="Matrix multiplication via arithmetic progressions",
	journal="Journal of Symbolic Computation",
	number=9,
	pages="251--280",
	language="english",
	year=1990,
}

@article{
	RobinsonSara,
	author="Robinson, Sara",
	title="Toward an Optimal Algorithm for Matrix Multiplication",
	journal="SIAM News",
	volume=38,
	number=9,
	language="english",
	year=2005,
	month="November"
}

@article{
	Strassen,
	author="Strassen, Volker",
	title="Gaussian Elimination is not Optimal",
	journal="Numerische Mathematik",
	volume=13,
	number=9,
	pages="354--356",
	language="english",
	year=2005
}

@BOOK{ulanov,
	author = "Ульянов М.В.",
	title = "Ресурсо-эффективные компьютерные алгоритмы",
	publisher = "М: Наука Физматлит",
	volume = 376,
	chapter = 2,
	pages = "52--73",
	language = "russian",
	year = 2007
}
