@MISC{processor,
	title = "AMD Ryzen™ 5 4500U",
	howpublished = "Режим доступа: \url{https://www.amd.com/ru/products/apu/amd-ryzen-5-4500u}",
	note = "Дата обращения: 15.12.2021"
}
@MISC{python,
	title = "About Python [Электронный ресурс]",
	howpublished = "Режим доступа: \url{https://www.python.org/about/}",
	note = "Дата обращения: 20.10.2021"
}

@MICS{ubuntu,
	title = "Ubuntu по-русски [Электронный ресурс]",
	howpublished = "Режим доступа: \url{https://ubuntu.ru/}",
	note = "Дата обращения: 15.12.2021"
}

@book{3,
	author="М.В. Ульянов",
	title="Ресурсно эффективные алгоритмы. Разработка и анализ",
	publisher="//Наука Физматлит - Москва",
	year=2007,
	pages=387
}
