@MISC{python,
	title = "About Python [Электронный ресурс]",
	howpublished = "Режим доступа: \url{https://www.python.org/about/}",
	note = "Дата обращения: 13.10.2021"
}

@MISC{processor,
	title = "Мобильный процессор AMD Ryzen™ 5 3500U с графикой Radeon™ Vega 8 [Электронный ресурс]",
	howpublished = "Режим доступа: \url{https://www.amd.com/ru/products/apu/amd-ryzen-5-3500u}",
	note = "Дата обращения: 13.10.2021"
}

@MICS{ubuntu,
	title = "Ubuntu по-русски [Электронный ресурс]",
	howpublished = "Режим доступа: \url{https://ubuntu.ru/}",
	note = "Дата обращения: 13.10.2021"
}

@MISC{resource,
	title = "resource — Resource usage information - Python 3.11.0a0 documentation",
	howpublished = "Режим доступа: \url{https://docs.python.org/dev/library/resource.html?highlight=resources}",
	note = "Дата обращения: 13.10.2021"
} 

@MISC{SortAlgorithms,
	title = "Алгоритмы сортировки",
	howpublished = "Режим доступа: \url{https://markoutte.me/students/sort-algos/#selection-sort}",
	note = "Дата обращения: 13.10.2021"
} 

@MISC{Shaker,
	title = "Шейкерная сортировка, JavaScript",
	howpublished = "Режим доступа: \url{https://medium.com/@alivander/%D1%88%D0%B5%D0%B9%D0%BA%D0%B5%D1%80%D0%BD%D0%B0%D1%8F-%D1%81%D0%BE%D1%80%D1%82%D0%B8%D1%80%D0%BE%D0%B2%D0%BA%D0%B0-javascript-a2b8af562ee}",
	note = "Дата обращения: 13.10.2021"
} 

@MISC{Selection,
	title = "Алгоритмы сортировки в теории и на практике",
	howpublished = "Режим доступа: \url{https://javarush.ru/groups/posts/1997-algoritmih-sortirovki-v-teorii-i-na-praktike}",
	note = "Дата обращения: 13.10.2021"
} 

@MISC{Shell,
	title = "Сортировка Шелла (SHELL SORT)",
	howpublished = "Режим доступа: \url{https://forkettle.ru/vidioteka/programmirovanie-i-set/algoritmy-i-struktury-dannykh/108-sortirovka-i-poisk-dlya-chajnikov/1008-sortirovka-shella}",
	note = "Дата обращения: 13.10.2021"
} 

@MISC{ShellEff,
	title = "Shekk Sort Algorithm",
	howpublished = "Режим доступа: \url{https://www.mycplus.com/featured-articles/shell-sort-algorithm/}",
	note = "Дата обращения: 15.10.2021"
} 
@BOOK{ulanov,
	author = "Ульянов М.В.",
	title = "Ресурсо-эффективные компьютерные алгоритмы",
	publisher = "М: Наука Физматлит",
	volume = 376,
	chapter = 2,
	pages = "52--73",
	language = "russian",
	year = 2007
}
