@BOOK{levenshtein,
	author = "Левенштейн В.И.",
	title = "Двоичные коды с исправлением выпадений, вставок и замещений символов",
	publisher = "Доклады АН СССР",
	volume = 163,
	chapter = 4,
	pages = "845--848",
	language = "russian",
	year = 1965
}

@MISC{python,
	title = "About Python [Электронный ресурс]",
	howpublished = "Режим доступа: \url{https://www.python.org/about/}",
	note = "Дата обращения: 23.09.2021"
}

@MISC{processor,
	title = "Мобильный процессор AMD Ryzen™ 5 3500U с графикой Radeon™ Vega 8 [Электронный ресурс]",
	howpublished = "Режим доступа: \url{https://www.amd.com/ru/products/apu/amd-ryzen-5-3500u}",
	note = "Дата обращения: 23.09.2021"
}

@MICS{ubuntu,
	title = "Ubuntu по-русски [Электронный ресурс]",
	howpublished = "Режим доступа: \url{https://ubuntu.ru/}",
	note = "Дата обращения: 23.09.2021"
}

@MISC{resource,
	title = "resource — Resource usage information - Python 3.11.0a0 documentation",
	howpublished = "Режим доступа: \url{https://docs.python.org/dev/library/resource.html?highlight=resources}",
	note = "Дата обращения: 23.09.2021"
}